@misc{acm_code_of_ethics,
  author = {{Association for Computing Machinery}},
  note   = {Accessed on December 11, 2022},
  title  = {{ACM Code of Ethics}},
  url    = {https://www.acm.org/about-acm/acm-code-of-ethics-and-professional-conduct},
  year   = {2017}
}

@misc{iso_27001_vs_27002,
  author = {{IT Governance USA}},
  note   = {Accessed on December 11, 2022},
  title  = {{ISO 27001 vs. 27002: What's the Difference?}},
  url    = {https://www.itgovernanceusa.com/blog/iso-27001-vs-27002-whats-the-difference/},
  year   = {2022}
}

@misc{iso_27002_2013_summary,
  author = {{International Organization for Standardization}},
  note   = {Accessed on December 11, 2022},
  title  = {{ISO/IEC 27002 Summary}},
  url    = {https://www.iso.org/isoiec-27002-information-security.html},
  year   = {2013}
}

@misc{nist_cybersecurity_framework_overview,
  author = {{National Institute of Standards and Technology}},
  note   = {Accessed on December 11, 2022},
  title  = {{NIST Cybersecurity Framework Overview}},
  url    = {https://www.nist.gov/cybersecurity-framework/overview},
  year   = {2014}
}

@misc{owasp_top_10_2017,
  author = {{Open Web Application Security Project}},
  note   = {Accessed on December 11, 2022},
  title  = {{OWASP Top 10 2017}},
  url    = {https://www.owasp.org/index.php/Category:OWASP_Top_Ten_2017_Project},
  year   = {2017}
}
