@misc{mywork,
  author = {Gonçalo Amaro},
  title  = {Fundamentos de Segurança Informática: Trabalho Individual}
}
